<?xml version="1.0" encoding="UTF-8"?><collection xmlns="http://www.loc.gov/MARC21/slim"><record><leader>00363nam--2200121-i-4500</leader><controlfield tag="001">000016337</controlfield><controlfield tag="002">20161230</controlfield><controlfield tag="005">20161230201031</controlfield><controlfield tag="008">060222s1000------------r-----000-0-eng-d</controlfield><datafield ind1=" " ind2=" " tag="100"><subfield code="a">Foct,Jacques</subfield></datafield><datafield ind1=" " ind2=" " tag="245"><subfield code="a">Etude des distributions d interstitiels et de leur evoultion dans les solutions solide fer-azote.these</subfield></datafield><datafield ind1=" " ind2=" " tag="260"><subfield code="a">Nancy,Universite,1973. 158p</subfield></datafield><datafield ind1=" " ind2=" " tag="852"><subfield code="a">78069</subfield></datafield></record></collection>